<record><leader>00000cas a22000007a 4500</leader><controlfield tag="001">19684366</controlfield><controlfield tag="008">890509d19031907aruwr ne      0    0eng d</controlfield><datafield ind1=" " ind2=" " tag="010"><subfield code="a">sn 89051209 </subfield></datafield><datafield ind1=" " ind2=" " tag="040"><subfield code="a">ANU</subfield><subfield code="b">eng</subfield><subfield code="c">ANU</subfield><subfield code="d">OCLCQ</subfield></datafield><datafield ind1=" " ind2=" " tag="042"><subfield code="a">msc</subfield></datafield><datafield ind1="0" ind2=" " tag="130"><subfield code="a">News-herald (Pocahontas, Ark.)</subfield></datafield><datafield ind1="1" ind2="4" tag="245"><subfield code="a">The News-herald.</subfield></datafield><datafield ind1=" " ind2=" " tag="260"><subfield code="a">Pocahontas, Randolph County, Ark. :</subfield><subfield code="b">Earle W. Hodges, V.G. Hinton</subfield></datafield><datafield ind1=" " ind2=" " tag="300"><subfield code="a">v.</subfield></datafield><datafield ind1=" " ind2=" " tag="310"><subfield code="a">Weekly</subfield></datafield><datafield ind1="0" ind2=" " tag="362"><subfield code="a">Vol. 22, no. 36 (July 10, 1903)-</subfield></datafield><datafield ind1="1" ind2=" " tag="362"><subfield code="a">Ceased in 1907.</subfield></datafield><datafield ind1=" " ind2=" " tag="580"><subfield code="a">Formed by the union of: Pocahontas news (non-extant), and: Randolph herald (Pocahontas, Ark.).</subfield></datafield><datafield ind1=" " ind2=" " tag="580"><subfield code="a">Absorbed: Randolph Democrat (Pocahontas, Ark.) (non-extant).</subfield></datafield><datafield ind1=" " ind2=" " tag="580"><subfield code="a">Merged with: Pocahontas star (non-extant), to form: Pocahontas star herald.</subfield></datafield><datafield ind1=" " ind2=" " tag="752"><subfield code="a">United States</subfield><subfield code="b">Arkansas</subfield><subfield code="c">Randolph</subfield><subfield code="d">Pocahontas.</subfield></datafield><datafield ind1="1" ind2="4" tag="780"><subfield code="t">Pocahontas news</subfield></datafield><datafield ind1="1" ind2="4" tag="780"><subfield code="t">Randolph herald (Pocahontas, Ark.)</subfield><subfield code="w">(DLC)sn 89051208</subfield></datafield><datafield ind1="1" ind2="5" tag="780"><subfield code="t">Randolph Democrat (Pocahontas, Ark.)</subfield></datafield><datafield ind1="1" ind2="7" tag="785"><subfield code="t">Pocahontas star</subfield></datafield><datafield ind1="1" ind2="7" tag="785"><subfield code="t">Pocahontas star herald</subfield><subfield code="w">(DLC)sn 89051210</subfield></datafield></record>